\documentclass{article}
\usepackage[utf8]{inputenc}

\title{Bib.tex}
\author{jmalpert }
\date{April 2022}

\begin{document}


\bibliographystyle{chicago}
\spacingset{1}
\bibliography{Trans}

\centering References

\normalfont \flushleft

\vspace{2mm}

Aguiar, M. and Bils, M. (2011) Has Consumption Inequality Mirrored Income 
\vspace{1mm}

\quad \quad Inequality \emph{NBER Working Paper Series}

\vspace{2mm}


Banerjeee, A and Duflo, E. (2003) Inequality and growth: what can the data  
\vspace{1mm}
\quad\quad say? \emph{Journal of Economic Growth}, 8, 267-99

\vspace{1mm}

Barro, R. (2000) Inequality and growth in a panel of countries, 
\vspace{1mm}

\quad\quad\emph{Journal of Economic Growth}, 5, 5-32

\vspace{1mm}

Barro, R (2008) Inequality and Growth Revisited No. 11 ADB

\vspace{1mm}

Bechtel, G. (2014) Does Globalization Mitigate Income Inequality?
  \vspace{1mm}
\quad\quad \emph{Journal of Data Science}, 12, 197-215

Benabou, R. (1996) Inequality and Growth \emph{NBER macroeconomics Annual},

\vspace{1mm}

\quad\quad Bernake, B.S. and Rotemberg, J.(eds), MIT Press, Cambridge.

\vspace{1mm}

Easterly, W. (2007) Inequality does cause underdevelopment: Insights

\vspace{1mm}

\quad\quad from a new instrument \emph{Journal of Development Economics} 755-776

Forbes,K. (2000) A reassessment of the relationship between inequality and 

\vspace{1mm}

\quad\quad  Growth, \emph{American Economic Review}, 90, 869-88

\vspace{1mm}

Kuznets, , (1955) Economic Growth and income inequality,
\vspace{1mm}

\quad\quad  \emph{American Economic Review}, 45, 1-28

\vspace{1mm}

Perotti, R. (1996) Growth, income distribution, and democracy: what the data  
\vspace{1mm}
\quad\quad say, \emph{Journal of Economic Growth}, 1, 149-87

\vspace{1mm}

Rubin, A. and Segal. D (2015) The effects of economic growth on income
\vspace{1mm}

\quad\quad inequality in the US, \emph{Journal of Macroeconomics}, 45, 258-273

\vspace{1mm}

Wahiba, N. and Weriemmi, M. (2014) The Relationship Between Economic 

\vspace{1mm}

\quad\quad Growth and Income Inequality, 
\vspace{1mm}

\quad \quad \emph{International Journal of Economics and Financial Issues}, 135 -143 

\end{document}